@article{PhysRevLett.74.2626,
  title = {Observation of Top Quark Production in pp Collisions with the Collider Detector at Fermilab},
  author = {{CDF Collaboration}},
  journal = {Phys. Rev. Lett.},
  volume = {74},
  issue = {14},
  pages = {2626--2631},
  numpages = {0},
  year = {1995},
  month = {4},
  publisher = {American Physical Society},
  doi = {10.1103/PhysRevLett.74.2626},
  url = {https://link.aps.org/doi/10.1103/PhysRevLett.74.2626}
}

@article{20121,
	title = {Observation of a new particle in the search for the Standard Model Higgs boson with the ATLAS detector at the LHC},
	author = {{ATLAS Collaboration}},
	journal = {Physics Letters B},
	volume = {716},
	number = {1},
	pages = {1 - 29},
	year = {2012},
	issn = {0370-2693},
	doi = {https://doi.org/10.1016/j.physletb.2012.08.020},
	url = {http://www.sciencedirect.com/science/article/pii/S037026931200857X}
}

@article{201230,
	title = {Observation of a new boson at a mass of 125 GeV with the CMS experiment at the LHC},
	author = {{CMS Collaboration}},
	journal = {Physics Letters B},
	volume = {716},
	number = {1},
	pages = {30 - 61},
	year = {2012},
	issn = {0370-2693},
	doi = {https://doi.org/10.1016/j.physletb.2012.08.021},
	url = {http://www.sciencedirect.com/science/article/pii/S0370269312008581}
}

@online{SMwiki,
	title = {Standard model of elementary particles},
	author = {MissMJ and Cush},
	month = {9},
	year = {2019},
	url = {https://commons.wikimedia.org/wiki/File:Standard_Model_of_Elementary_Particles.svg}
}

@inbook{Interactions,
	title = {Introduction to Elementary Particles},
	author = {David Griffiths},
	chapter = {2},
	publisher = {Wiley-VCH},
	year = {2008},
	pages = {59}
}

@article{PhysRevLett.74.2632,
	title = {Observation of the Top Quark},
	author = {{D0 Collaboration}},
	journal = {Phys. Rev. Lett.},
	volume = {74},
	issue = {14},
	pages = {2632--2637},
	numpages = {0},
	year = {1995},
	month = {4},
	publisher = {American Physical Society},
	doi = {10.1103/PhysRevLett.74.2632},
	url = {https://link.aps.org/doi/10.1103/PhysRevLett.74.2632}
}

@article{10.1143/PTP.49.652,
	author = {Kobayashi, Makoto and Maskawa, Toshihide},
	title = {CP-Violation in the Renormalizable Theory of Weak Interaction},
	journal = {Progress of Theoretical Physics},
	volume = {49},
	number = {2},
	pages = {652-657},
	year = {1973},
	month = {02},
	issn = {0033-068X},
	doi = {10.1143/PTP.49.652},
	url = {https://doi.org/10.1143/PTP.49.652},
	url = {https://academic.oup.com/ptp/article-pdf/49/2/652/5257692/49-2-652.pdf}
}

@online{toppair-branching,
	author = {{D0 Collaboration}},
	title = {Top pair branching fractions},
	year = {2011},
	url = {https://www-d0.fnal.gov/Run2Physics/top/top_public_web_pages/top_feynman_diagrams.html}
}

@thesis{borathesis1,
	author = {Naim Bora Atlay},
	title = {Differentiating Top-Quark - Photon Coupling: Inclusive and Differential Cross-Section Measurements of Top-Quark Pair Production in Association with a Photon in the Single Lepton Channel in pp Collisions Data at 8 TeV with the ATLAS Experiment},
	type = {PHD},
	institution = {University of Siegen},
	date = {13/07/2017},
	pages = {7,9,14}
}

@article{cernschematic,
	author = {Nie, Yuancun and Schmidt, R. and Chetvertkova, V. and Rosell-Tarragó, G. and Burkart, F. and Wollmann, Daniel},
	year = {2017},
	month = {08},
	pages = {},
	title = {Numerical simulations of energy deposition caused by 50 MeV—50 TeV proton beams in copper and graphite targets},
	volume = {20},
	journal = {Physical Review Accelerators and Beams},
	doi = {10.1103/PhysRevAccelBeams.20.081001}
}

@unpublished{Pequenao:1095924,
	author        = {Joao Pequenao},
	title         = {Computer generated image of the whole ATLAS detector},
	month         = {3},
	year          = {2008},
	reportNumber  = {CERN-GE-0803012},
	url           = {https://cds.cern.ch/record/1095924}
}

@unpublished{Pequenao:1505342,
	author        = {Joao Pequenao and Paul Schaffner},
	title         = {How ATLAS detects particles: diagram of particle paths in the detector},
	month         = {1},
	year          = {2013},
	reportNumber  = {CERN-EX-1301009},
	url           = {https://cds.cern.ch/record/1505342},
}

@InCollection{sep-physics-experiment,
	author       =	{Franklin, Allan and Perovic, Slobodan},
	title        =	{Experiment in Physics},
	booktitle    =	{The Stanford Encyclopedia of Philosophy},
	editor       =	{Edward N. Zalta},
	url          =  {https://plato.stanford.edu/archives/win2019/entries/physics-experiment/},
	year         =	{2019},
	edition      =	{Winter 2019},
	publisher    =	{Metaphysics Research Lab, Stanford University}
}

@article{MITREVSKI20162539,
	author = {Jovan Mitrevski},
	title = {Electron and Photon Reconstruction with the ATLAS Detector},
	journal = {Nuclear and Particle Physics Proceedings},
	volume = {273-275},
	pages = {2539 - 2541},
	year = {2016},
	note = {37th International Conference on High Energy Physics (ICHEP)},
	issn = {2405-6014},
	doi = {https://doi.org/10.1016/j.nuclphysbps.2015.09.452},
	url = {http://www.sciencedirect.com/science/article/pii/S2405601415009414}
}
